@phdthesis{quintard2012towards,
  title={Towards a worldwide storage infrastructure},
  author={Quintard, Julien},
  year={2012},
  school={University of Cambridge}
}
