% okay, add ct articles?
@misc{bibgreenwald2013nsa,
  title={{NSA Prism program taps in to user data of Apple, Google and others}},
  author={Greenwald, Glenn and MacAskill, Ewen},
  journal={The Guardian},
  howpublished = "\url{https://www.theguardian.com/world/2013/jun/06/us-tech-giants-nsa-data}",
  year={2013}
}

% okay
@book{peer2peer,
  title={{Peer--to--Peer--Netzwerke}},
  author={Peter Mahlmann, Christian Schindelhauer},
  isbn={9783540339915},
  year={2007},
  publisher={eXamen.press}
}

% okay
@misc{bibfisitcloudsec,
  title={{On the security of cloud storage services}},
  author={Borgmann, Moritz and Hahn, Tobias and Herfert, Michael and Kunz, Thomas and Richter, Marcel and Viebeg, Ursula and Vowe, Sven},
  howpublished = "\url{https://www.sit.fraunhofer.de/fileadmin/dokumente/studien_und_technical_reports/Cloud-Storage-Security_a4.pdf}",
  year={2012}
}

% okay
@MISC{cpahl,
	author = {Christopher Pahl},
    title = {{brig: Ein Werkzeug zur sicheren und verteilten Dateisynchronisation}},
    year = {2016}
}

% okay
@book{2009understanding,
  title={{Understanding Cryptography: A Textbook for Students and Practitioners}},
  author={Paar, C. and Pelzl, J.},
  year={2009},
  publisher={Springer Berlin Heidelberg}
}

@book{ko2015cloud,
  title={{The Cloud Security Ecosystem: Technical, Legal, Business and Management Issues}},
  author={Ko, R. and Choo, R.},
  isbn={9780128017807},
  year={2015},
  publisher={Elsevier Science}
}

% okay
@misc{quintard2012towards,
  title={{Towards a worldwide storage infrastructure}},
  author={Quintard, Julien},
  year={2012},
  howpublished = "\url{https://www.repository.cam.ac.uk/bitstream/handle/1810/243442/thesis.pdf}",
  school={University of Cambridge}
}

@book{pauly2004netzwerk,
  title={{Netzwerk- und Internetsicherheitstechnologien in der IT-basierten Unternehmensberatung}}, 
  author={Pauly, C.},
  isbn={9783832482619},
  year={2004},
  publisher={Diplom.de}
}


@article{nielsen2012windows,
  title={Windows 8—disappointing usability for both novice and power users},
  author={Nielsen, Jakob},
  journal={URL: http://bit. ly/KDcwlX},
  year={2012}
}

% okay
@book{ertel2012angewandte,
  title={Angewandte Kryptographie},
  author={Ertel, W.},
  isbn={9783446431966},
  year={2012},
  publisher={Carl Hanser Verlag GmbH \& Company KG}
}

@book{martin2012everyday,
  title={Everyday Cryptography: Fundamental Principles and Applications},
  author={Martin, K.M.},
  isbn={9780191625886},
  year={2012},
  publisher={OUP Oxford}
}

% okay
@misc{ponemon,
	author = {Ponemon Institute,  Research Report},
    title = {{Cost of Data Breach Study: Global Analysis}},
    howpublished = "\url{https://public.dhe.ibm.com/common/ssi/ecm/se/en/sel03094wwen/SEL03094WWEN.PDF}",
    year = {2016}
}

% okay
@misc{kholia2013looking,
  title={{Looking inside the (Drop) box}},
  author={Kholia, Dhiru and W{\k{e}}grzyn, Przemys{\l}aw},
  howpublished = "\url{https://www.usenix.org/system/files/conference/woot13/woot13-kholia.pdf}",
  year={2013}
}

% okay
@misc{mitcref,
  title={{Man in the Cloud (MITC) Attacks}},
  author={IMPERVA - HACKER INTELLIGENCE INITIATIVE},
  year={2015},
  howpublished = "\url{https://www.imperva.com/docs/HII_Man_In_The_Cloud_Attacks.pdf}"
}

@misc{csr2013,
  title={{Coverity Scan -- Open Source Report 2013}},
  author={Synopsys, Inc.},
  howpublished = "\url{http://softwareintegrity.coverity.com/rs/appsec/images/2013-Coverity-Scan-Report.pdf}",
  year={2014}
}

@misc{csr2014,
  title={{Coverity Scan -- Open Source Report 2014}},
  author={Synopsys, Inc.},
  howpublished = "\url{http://go.coverity.com/rs/157-LQW-289/images/2014-Coverity-Scan-Report.pdf}",
  year={2015}
}

@misc{ct-juden,
	title={{Nichts zu verbergen?}},
	author={Holger Bleich},
	journal = {c't 17/2015},
	pages = {3},
	year={2015}
}

% okay
@misc{mulazzani2011dark,
  title={{Dark Clouds on the Horizon: Using Cloud Storage as Attack Vector and Online Slack Space.}},
  author={Mulazzani, Martin and Schrittwieser, Sebastian and Leithner, Manuel and Huber, Markus and Weippl, Edgar R},
  howpublished = "\url{https://www.usenix.org/legacy/event/sec11/tech/full_papers/Mulazzani.pdf}",
  year={2011},
  organization={San Francisco, CA, USA}
}

% okay
@misc{Schryen,
 author = {Schryen, Guido},
 title = {{Is Open Source Security a Myth?}},
 journal = {Commun. ACM},
 issue_date = {May 2011},
 year = {2011},
 howpublished = "\url{http://doi.acm.org/10.1145/1941487.1941516}",
 publisher = {ACM},
 address = {New York, NY, USA},
}

%okay
@misc{Spi08b,
	author = {Diomidis Spinellis},
	title = {{A Tale of Four Kernels}},
	year = {2008},
	Month=may,
	location = {Leipzig, Germany},
	Editor={Wilhelm Sch\"{a}fer and Matthew B. Dwyer and Volker Gruhn},
	publisher = {Association for Computing Machinery},
	address = {New York},
	howpublished = "\url{http://www.dmst.aueb.gr/dds/pubs/conf/2008-ICSE-4kernel/html/Spi08b.html}"
}

@inproceedings{BIB_SSD_ERASE,
  title={{Reliably Erasing Data from Flash-Based Solid State Drives.}},
  author={Wei, Michael Yung Chung and Grupp, Laura M and Spada, Frederick E and Swanson, Steven}
}


@article{Carnavalet,
 author = {Carnavalet, Xavier De Carn{\'e} De and Mannan, Mohammad},
 title = {{A Large-Scale Evaluation of High-Impact Password Strength Meters}},
 journal = {ACM Trans. Inf. Syst. Secur.},
 issue_date = {June 2015},
 year = {2015},
 numpages = {32},
 url = {http://doi.acm.org/10.1145/2739044},
 publisher = {ACM},
 address = {New York, NY, USA},
}

@inproceedings{bsi,
  title={{BSI – Technische Richtlinie; Kryptographische Verfahren: Empfehlungen und Schlussellängen}},
  author={{Bundesamt fur Sicherheit in der Informationstechnik (BSI)}},
  year={2016},
  journal={URL: https://www.bsi.bund.de/SharedDocs/Downloads/DE/BSI/Publikationen/TechnischeRichtlinien/TR02102/BSI-TR-02102.pdf},
  organization={Bundesamt fur Sicherheit in der Informationstechnik (BSI)}
}

@inproceedings{evertythin1hour,
  title={{Everything you need to know about cryptography in 1 hour}},
  author={{Colin Percival}},
  year={2010},
 url = {http://www.daemonology.net/papers/crypto1hr.pdf},
  organization={Tarsnap}
}

@inproceedings{encryptthanmac,
  title={{Encrypt-then-MAC}},
  author={{Colin Percival}},
  year={2009},
 url = {http://www.daemonology.net/blog/2009-06-24-encrypt-then-mac.html},
  organization={Tarsnap}
}

@article{scrypt,
  title={The scrypt password-based key derivation function},
  author={Percival, Colin and Josefsson, Simon},
  year={2015}
}

@book{oath,
  title={Fundamentals of Information Systems Security},
  author={Kim, D. and Solomon, M.G.},
  isbn={9781284116458},
  year={2016},
  publisher={Jones \& Bartlett Learning}
}

@inproceedings{convergent-encryption,
  title={Secure data deduplication},
  author={Storer, Mark W and Greenan, Kevin and Long, Darrell DE and Miller, Ethan L},
  booktitle={Proceedings of the 4th ACM international workshop on Storage security and survivability},
  pages={1--10},
  year={2008},
  organization={ACM}
}

@inproceedings{gpg-probabilistic,
  title={A probabilistic trust model for GnuPG},
  author={Jonczy, Jacek and W{\"u}thrich, Markus and Haenni, Rolf},
  booktitle={23C3, 23rd Chaos Communication Congress, Berlin, Germany},
  pages={61--66},
  year={2006}
}

@inproceedings{pgp-trust-model,
  title={The pgp trust model},
  author={Abdul-Rahman, Alfarez},
  booktitle={EDI-Forum: the Journal of Electronic Commerce},
  year={1997}
}


@inproceedings{wot1,
  title={{Dissecting the Leaf of Trust}},
  author={{Jörgen Cederlöf }},
  journal={URL: http://www.lysator.liu.se/~jc/wotsap/leafoftrust.html},
  organization={Lysator Academic Computer Society, Linköping University}
}

@inproceedings{wot2,
  title={{analysis of the strong set in the PGP web of trust}},
  author={{Henk P. Penning}},
  journal={URL: http://pgp.cs.uu.nl/plot/}
}

@article{BIB_GRSECURITY,
  title={Selinux and grsecurity: A case study comparing linux security kernel enhancements},
  author={Fox, Michael and Giordano, John and Stotler, Lori and Thomas, Arun},
  year={2009},
  publisher={Citeseer}
}

@inproceedings{BIB_SYBIL_ATTACK,
  title={The sybil attack},
  author={Douceur, John R},
  booktitle={International Workshop on Peer-to-Peer Systems},
  pages={251--260},
  year={2002},
  organization={Springer}
}

@inproceedings{BIB_SKADEMLIA,
  title={S/kademlia: A practicable approach towards secure key-based routing},
  author={Baumgart, Ingmar and Mies, Sebastian},
  booktitle={Parallel and Distributed Systems, 2007 International Conference on},
  volume={2},
  pages={1--8},
  year={2007},
  organization={IEEE}
}

@article{gcm,
  title={The security and performance of the Galois/Counter Mode (GCM) of operation (full version)},
  author={McGrew, David A and Viega, John},
  journal={URL: http://csrc. nist. gov/CryptoToolkit/modes/proposedmodes/gcmgcm-ad.pdf},
  year={2008}
}

@book{BIB_OPENSSH,
  title={{Pro OpenSSH}},
  author={Stahnke, Michael},
  year={2005},
  publisher={Apress}
}

@article{BIB_SHAMIR_SECRET,
  title={{How to share a secret}},
  author={Shamir, Adi},
  journal={Communications of the ACM},
  year={1979},
  journal={URL: http://groups.csail.mit.edu/cis/crypto/classes/6.857/papers/secret-shamir.pdf},
  publisher={ACm}
}

@article{SMP1,
  title={Individuelle Schl{\"u}sselverifikation via Socialist Millionaires’ Protocol},
  author={Hallberg, Sven Moritz},
  year={2008}
}

@article{SMP2,
  title={A fair and efficient solution to the socialist millionaires’ problem},
  author={Boudot, Fabrice and Schoenmakers, Berry and Traore, Jacques},
  journal={Discrete Applied Mathematics},
  year={2001},
  publisher={Elsevier}
}

@book{BIB_SSH_SECURE_SHELL,
  title={SSH, the Secure Shell: The Definitive Guide},
  author={Barrett, D.J. and Silverman, R.E.},
  isbn={9780596000110},
  series={Definitive Guide Series},
  year={2001},
  publisher={O'Reilly}
}

@article{BIB_CERN,
  title={{Data integrity}},
  author={Panzer-Steindel, Bernd},
  journal={CERN/IT},
  year={2007}
}

@article{BIB_SILENT_DATA_CORRUPTION,
  title={{An analysis of data corruption in the storage stack}},
  author={Bairavasundaram, Lakshmi N and Arpaci-Dusseau, Andrea C and Arpaci-Dusseau, Remzi H and Goodson, Garth R and Schroeder, Bianca},
  journal={ACM Transactions on Storage (TOS)},
  year={2008},
  publisher={ACM}
}
