// Base literature:

@phdthesis{quintard2012towards,
  title={Towards a worldwide storage infrastructure},
  author={Quintard, Julien},
  year={2012},
  school={University of Cambridge}
}

@article{benet2014ipfs,
  title={Ipfs-content addressed, versioned, p2p file system},
  author={Benet, Juan},
  journal={arXiv preprint arXiv:1407.3561},
  year={2014},
  url={https://ipfs.io/ipfs/QmR7GSQM93Cx5eAg6a6yRzNde1FQv7uL6X1o4k7zrJa3LX/ipfs.draft3.pdf},
}

// electronic Web literature:

@article{conway1963design,
  title={Design of a separable transition-diagram compiler},
  author={Conway, Melvin E},
  journal={Communications of the ACM},
  volume={6},
  number={7},
  pages={396--408},
  year={1963},
  publisher={ACM}
}

@inproceedings{maymounkov2002kademlia,
  title={Kademlia: A peer-to-peer information system based on the xor metric},
  author={Maymounkov, Petar and Mazieres, David},
  booktitle={International Workshop on Peer-to-Peer Systems},
  pages={53--65},
  year={2002},
  organization={Springer}
}

@inproceedings{baumgart2007s,
  title={S/kademlia: A practicable approach towards secure key-based routing},
  author={Baumgart, Ingmar and Mies, Sebastian},
  booktitle={Parallel and Distributed Systems, 2007 International Conference on},
  volume={2},
  pages={1--8},
  year={2007},
  organization={IEEE}
}

@inproceedings{freedman2004democratizing,
  title={Democratizing Content Publication with Coral.},
  author={Freedman, Michael J and Freudenthal, Eric and Mazieres, David},
  booktitle={NSDI},
  volume={4},
  pages={18--18},
  year={2004}
}

@article{pike2009go,
  title={{The Go Programming Language}},
  author={Pike, Rob},
  journal={Talk given at Google’s Tech Talks},
  year={2009}
}

@electronic{pike2001security,
  title={{The Good, the Bad, and the Ugly: The Unix Legacy}},
  author={Pike, Rob},
  url  = {http://herpolhode.com/rob/ugly.pdf},
  year={2001}
}

// Pure Weblinks:

// Own literature from the bookshelf:

@book{go_programming_language,
  title={The Go Programming Language},
  author={Alan A. A. Donovan, Brian W. Kernighan},
  isbn={0134190440},
  url={http://www.gopl.io/},
  year={2015},
  publisher={Addison-Wesley}
}

@book{git,
  title={Git - Verteile Versionsverwaltung für Code und Dokumente},
  author={Valentin Haenel, Julius Plenz},
  isbn={9783941841420},
  url={http://www.opensourcepress.de/de/produkte/Git/33237/978-3-95539-120-1},
  year={2011},
  publisher={open source Press}
}

@book{peer2peer,
  title={Peer--to--Peer--Netzwerke},
  author={Peter Mahlmann, Christian Schindelhauer},
  isbn={9783540339915},
  year={2007},
  publisher={eXamen.press}
}

@book{everyday_crypto,
  title={Everyday Cryptography},
  author={Keith M. Martin},
  isbn={9780199695591},
  year={2012},
  publisher={Oxford University Press}
}

@book{peer2peer_arch,
  title={Software--Architekturen: für Verteilte Systeme},
  author={Schahram Dustdar, Harald Gall, Manfred Hauswirth},
  isbn={9783642627699},
  year={2003},
  publisher={Springer}
}

@book{xmpp,
  title={XMPP: THe Definitive Guide},
  author={Peter Saint--Andre, Kevin Smith, Remko Tronçon},
  isbn={9780596521264},
  year={2009},
  publisher={O'Reilly}
}

@standard{1999standard,
  abstract = {This standard is part of the POSIX series of standards for applications and user inter-faces to open systems. It defines the applications interface to system services for spawning a process, timeouts for blocking services, sporadic server scheduling, execution time clocks and timers, and advisory information for file management. This standard is stated in terms of its C binding.},
  added-at = {2012-11-01T16:44:14.000+0100},
  biburl = {http://www.bibsonomy.org/bibtex/27c3209ff7536d7c7d2ab584a395b43bd/telekoma},
  description = {IEEE Xplore - IEEE Standard for Information Technology-Portable Operating System Interface (POSIX)-Part 1: System ...},
  doi = {10.1109/IEEESTD.1999.91515},
  editor = {Board, IEEE-SA Standards},
  interhash = {bcce3755c015789c62a85a3b78ec18c7},
  intrahash = {7c3209ff7536d7c7d2ab584a395b43bd},
  journal = {IEEE Std 1003.1d-1999},
  keywords = {POSIX UNIX api master seminar:dfs standard uni ws1213},
  pages = {0_1 -114},
  timestamp = {2012-11-01T16:44:14.000+0100},
  title = {IEEE Standard for Information Technology-Portable Operating System Interface (POSIX)-Part 1: System Application Program Interface (API)- Amendment D: Additional Real time Extensions [C Language]},
  url = {http://ieeexplore.ieee.org/xpl/articleDetails.jsp?tp=&arnumber=846694&contentType=Standards&searchField%3DSearch_All%26queryText%3DPortable+Operating+System+Interface+.LB.POSIX.RB.-part+1},
  year = 1999
}

@electronic{cox2004optimistic,
  title={Optimistic replication using vector time pairs},
  author={Cox, Russ and Josephson, William},
  year={2004}
}

@article{lin2010secure,
  title={A secure decentralized erasure code for distributed networked storage},
  author={Lin, Hsiao-Ying and Tzeng, Wen-Guey},
  journal={IEEE transactions on Parallel and Distributed Systems},
  volume={21},
  number={11},
  pages={1586--1594},
  year={2010},
  publisher={IEEE}
}

@electronic{cpiechula,
	author = {Christoph Piechula},
    title = {{Sicherheitskonzepte und Evaluation dezentraler Dateisynchronisationssysteme am
Beispiel »brig«}},
    year = {2016}
}

@article{cox2005file,
  title={File synchronization with vector time pairs},
  author={Cox, Russ and Josephson, William},
  year={2005}
}

 @electronic{wiki:merkle,
   author = "Wikipedia",
   title = "Hash-Baum --- Wikipedia{,} Die freie Enzyklopädie",
   year = "2015",
   url = "https://de.wikipedia.org/w/index.php?title=Hash-Baum&oldid=147267951",
   note = "[Online; Stand 18. September 2016]"
 }

 @electronic{wiki:rabin-karp,
   author = "Wikipedia",
   title = "Rolling hash --- Wikipedia{,} The Free Encyclopedia",
   year = "2016",
   url = "https://en.wikipedia.org/w/index.php?title=Rolling_hash&oldid=713020177",
   note = "[Online; accessed 18-September-2016]"
 }

 @electronic{wiki:convergent-encryption,
   author = "Wikipedia",
   title = "Convergent encryption --- Wikipedia{,} The Free Encyclopedia",
   year = "2015",
   url = "https://en.wikipedia.org/w/index.php?title=Convergent_encryption&oldid=683169217",
   note = "[Online; accessed 21-September-2016]"
 }

@techreport{nir2015chacha20,
  title={ChaCha20 and Poly1305 for IETF Protocols},
  author={Nir, Yoav and Langley, Adam},
  year={2015}
}

@electronic{wiki:aead,
  author = "Wikipedia",
  title = "Authenticated Encryption --- Wikipedia{,} Die freie Enzyklopädie",
  year = "2016",
  url = "https://de.wikipedia.org/w/index.php?title=Authenticated_Encryption&oldid=156712467",
  note = "[Online; Stand 21. September 2016]"
}

@electronic{wiki:snappy,
  author = "Wikipedia",
  title = "Snappy (Datenkompressionssoftware) --- Wikipedia{,} Die freie Enzyklopädie",
  year = "2015",
  url = "https://de.wikipedia.org/w/index.php?title=Snappy_(Datenkompressionssoftware)&oldid=149622998",
  note = "[Online; Stand 21. September 2016]"
}

@electronic{wiki:lz4,
  author = "Wikipedia",
  title = "LZ4 --- Wikipedia{,} Die freie Enzyklopädie",
  year = "2016",
  url = "https://de.wikipedia.org/w/index.php?title=LZ4&oldid=155946163",
  note = "[Online; Stand 21. September 2016]"
}

@electronic{wiki:brotli,
  author = "Wikipedia",
  title = "Brotli --- Wikipedia{,} Die freie Enzyklopädie",
  year = "2016",
  url = "https://de.wikipedia.org/w/index.php?title=Brotli&oldid=154905741",
  note = "[Online; Stand 21. September 2016]"
}

 @electronic{wiki:zooko,
   author = "Wikipedia",
   title = "Zookos Dreieck --- Wikipedia{,} Die freie Enzyklopädie",
   year = "2015",
   url = "https://de.wikipedia.org/w/index.php?title=Zookos_Dreieck&oldid=145190860",
   note = "[Online; Stand 22. September 2016]"
 }

@techreport{nir2015chacha20,
  title={ChaCha20 and Poly1305 for IETF Protocols},
  author={Nir, Yoav and Langley, Adam},
  year={2015}
}

@article{percival2015scrypt,
  title={The scrypt password-based key derivation function},
  author={Percival, Colin and Josefsson, Simon},
  year={2015}
}

@techreport{freed1996multipurpose,
  title={Multipurpose internet mail extensions (MIME) part two: Media types},
  author={Freed, Ned and Borenstein, Nathaniel},
  year={1996}
}

@inproceedings{oviatt2006human,
  title={Human-centered design meets cognitive load theory: designing interfaces that help people think},
  author={Oviatt, Sharon},
  booktitle={Proceedings of the 14th ACM international conference on Multimedia},
  pages={871--880},
  year={2006},
  organization={ACM}
}

 @electronic{ wiki:geburtstagsparadoxon,
   author = "Wikipedia",
   title = "Geburtstagsparadoxon --- Wikipedia{,} Die freie Enzyklopädie",
   year = "2016",
   url = "https://de.wikipedia.org/w/index.php?title=Geburtstagsparadoxon&oldid=157662802",
   note = "[Online; Stand 29. September 2016]"
 }

@electronic{statistaFragOS,
	author = {StatCounter},
	title = {Marktanteile der führenden Betriebssystemversionen weltweit von Januar 2009 bis Juli 2016},
	year = {2016},
	owner = {StatCounter},
	timestamp = {2016.09.30},
	url = "https://de.statista.com/statistik/daten/studie/157902/umfrage/marktanteil-der-genutzten-betriebssysteme-weltweit-seit-2009"
}

@electronic{statistaDownload,
	author = {Akamai Technologies},
	title = {Durchschnittliche Verbindungsgeschwindigkeit der
Internetanschlüsse in Deutschland vom 3. Quartal 2007 bis zum 1. Quartal 2016
(in kbit/s)},
	year = {2016},
	owner = {Akamai Technologies},
	timestamp = {2016.09.30},
	url = "https://de.statista.com/statistik/daten/studie/416534/umfrage/durchschnittliche-internetgeschwindigkeit-in-deutschland"
}

